@article{kim2024mdagents,
  title={MDAgents: An Adaptive Collaboration of LLMs for Medical Decision-Making},
  author={Kim, Yubin and Park, Chanwoo and Jeong, Hyewon and Chan, Yik Siu and Xu, Xuhai and McDuff, Daniel and Lee, Hyeonhoon and Ghassemi, Marzyeh and Breazeal, Cynthia and Park, Hae Won},
  journal={arXiv preprint arXiv:2404.15155},
  year={2024}
}

@article{salas2005big,
  title={Is there a "Big Five" in teamwork?},
  author={Salas, Eduardo and Sims, Dana E and Burke, C Shawn},
  journal={Small group research},
  volume={36},
  number={5},
  pages={555--599},
  year={2005},
  publisher={Sage Publications Sage CA: Thousand Oaks, CA}
}

@article{porter2003backing,
  title={Backing up behaviors in teams: The role of personality and legitimacy of need},
  author={Porter, Christopher OLH and Hollenbeck, John R and Ilgen, Daniel R and Ellis, Aleksander PJ and West, Bradley J and Moon, Henry},
  journal={Journal of Applied Psychology},
  volume={88},
  number={3},
  pages={391},
  year={2003},
  publisher={American Psychological Association}
}

@article{marks2001team,
  title={A temporally based framework and taxonomy of team processes},
  author={Marks, Michelle A and Mathieu, John E and Zaccaro, Stephen J},
  journal={Academy of management review},
  volume={26},
  number={3},
  pages={356--376},
  year={2001},
  publisher={Academy of Management Briarcliff Manor, NY 10510}
}

@article{mcintyre1995teamwork,
  title={Teamwork in air traffic control: An analysis of teamwork mental models and team effectiveness},
  author={McIntyre, Robert M and Salas, Eduardo},
  journal={Technical Report},
  year={1995}
}

@article{webber2002trust,
  title={Trust, satisfaction, and equity in small groups: what's important to members?},
  author={Webber, Sheila Simsarian},
  journal={Small Group Research},
  volume={33},
  number={1},
  pages={85--106},
  year={2002},
  publisher={Sage Publications Sage CA: Thousand Oaks, CA}
}

@article{stout1999planning,
  title={Planning, shared mental models, and coordinated performance: An empirical link is established},
  author={Stout, Renee J and Cannon-Bowers, Janis A and Salas, Eduardo and Milanovich, Dana M},
  journal={Human factors},
  volume={41},
  number={1},
  pages={61--71},
  year={1999},
  publisher={SAGE Publications Sage CA: Los Angeles, CA}
}

@article{kozlowski1999developing,
  title={Developing adaptive teams: A theory of compilation and performance across levels and time},
  author={Kozlowski, Steve WJ and Gully, Stanley M and Nason, Edgar R and Smith, Eleanor M},
  journal={Pulakos (Eds.), The changing nature of performance: Implications for staffing, motivation, and development},
  pages={240--292},
  year={1999}
}

@article{bandow2001time,
  title={Time to create sound teamwork},
  author={Bandow, Diane},
  journal={The Journal for quality and participation},
  volume={24},
  number={2},
  pages={41},
  year={2001},
  publisher={American Society for Quality Control, Inc.}
}

@article{zaccaro2001team,
  title={Team leadership},
  author={Zaccaro, Stephen J and Rittman, Andrea L and Marks, Michelle A},
  journal={The Leadership Quarterly},
  volume={12},
  number={4},
  pages={451--483},
  year={2001},
  publisher={Elsevier}
}

@article{eby1997collectivistic,
  title={Collectivistic orientation in teams: An individual and group-level analysis},
  author={Eby, Lillian T and Dobbins, Gregory H},
  journal={Journal of Organizational Behavior: The International Journal of Industrial, Occupational and Organizational Psychology and Behavior},
  volume={18},
  number={3},
  pages={275--295},
  year={1997},
  publisher={Wiley Online Library}
}

@inproceedings{cannon1995team,
  title={Team performance and training in complex environments: Recent findings from applied research},
  author={Cannon-Bowers, Janis A and Tannenbaum, Scott I and Salas, Eduardo and Volpe, Catherine E},
  booktitle={Current Directions in Psychological Science},
  pages={83--87},
  year={1995}
}

@article{driskell1992collective,
  title={Collective behavior and team performance},
  author={Driskell, James E and Salas, Eduardo},
  journal={Human factors},
  volume={34},
  number={3},
  pages={277--288},
  year={1992},
  publisher={SAGE Publications Sage CA: Los Angeles, CA}
}

@article{jin2020disease,
  title={What Disease does this Patient Have? A Large-scale Open Domain Question Answering Dataset from Medical Exams},
  author={Jin, Di and Pan, Eileen and Oufattole, Nassim and Weng, Wei-Hung and Fang, Hanyi and Szolovits, Peter},
  journal={arXiv preprint arXiv:2009.13081},
  year={2020}
}
@inproceedings{pal2022medmcqa,
  title={MedMCQA: A Large-scale Multi-Subject Multi-Choice Dataset for Medical domain Question Answering},
  author={Pal, Ankit and Umapathi, Logesh Kumar and Sankarasubbu, Malaikannan},
  booktitle={Proceedings of the Conference on Health, Inference, and Learning},
  pages={248--260},
  year={2022},
  volume={174},
  series={Proceedings of Machine Learning Research},
  publisher={PMLR}
}

@inproceedings{jin2019pubmedqa,
  title={PubMedQA: A Dataset for Biomedical Research Question Answering},
  author={Jin, Qiao and Dhingra, Bhuwan and Liu, Zhengping and Cohen, William and Lu, Xinghua},
  booktitle={Proceedings of the 2019 Conference on Empirical Methods in Natural Language Processing and the 9th International Joint Conference on Natural Language Processing (EMNLP-IJCNLP)},
  pages={2567--2577},
  year={2019},
  address={Hong Kong, China},
  publisher={Association for Computational Linguistics}
}

@inproceedings{wang2024mmlu,
  title={MMLU-Pro: A More Robust and Challenging Multi-Task Language Understanding Benchmark},
  author={Wang, Yubo and Ma, Xueguang and Zhang, Ge and Ni, Yuansheng and Chandra, Abhranil and Guo, Shiguang and Ren, Weiming and Arulraj, Aaran and He, Xuan and Jiang, Ziyan and others},
  booktitle={Advances in Neural Information Processing Systems},
  year={2024}
}

@article{stone2000multiagent,
  title={Multiagent Systems: A Survey from a Machine Learning Perspective},
  author={Stone, Peter and Veloso, Manuela},
  journal={Autonomous Robots},
  volume={8},
  number={3},
  pages={345--383},
  year={2000},
  publisher={Springer}
}

@article{smith1980contract,
  title={The Contract Net Protocol: High-Level Communication and Control in a Distributed Problem Solver},
  author={Smith, Reid G.},
  journal={IEEE Transactions on Computers},
  volume={C-29},
  number={12},
  pages={1104--1113},
  year={1980},
  publisher={IEEE}
}

@inproceedings{rashid2018qmix,
  title={QMIX: Monotonic Value Function Factorisation for Deep Multi-Agent Reinforcement Learning},
  author={Rashid, Tabish and Samvelyan, Mikayel and Schroeder, Christian and Farquhar, Gregory and Foerster, Jakob and Whiteson, Shimon},
  booktitle={Proceedings of the 35th International Conference on Machine Learning},
  pages={4295--4304},
  year={2018},
  volume={80},
  series={Proceedings of Machine Learning Research},
  publisher={PMLR}
}

@inproceedings{sunehag2017value,
  title={Value-Decomposition Networks For Cooperative Multi-Agent Learning},
  author={Sunehag, Peter and Lever, Guy and Gruslys, Audrunas and Czarnecki, Wojciech Marian and Zambaldi, Vinicius and Jaderberg, Max and Lanctot, Marc and Sonnerat, Nicolas and Leibo, Joel Z. and Tuyls, Karl and Graepel, Thore},
  booktitle={Proceedings of the 17th International Conference on Autonomous Agents and MultiAgent Systems},
  pages={2085--2087},
  year={2018},
  publisher={International Foundation for Autonomous Agents and Multiagent Systems}
}

@article{salas2005big,
  title={Is There a ``Big Five'' in Teamwork?},
  author={Salas, Eduardo and Sims, Dana E. and Burke, C. Shawn},
  journal={Small Group Research},
  volume={36},
  number={5},
  pages={555--599},
  year={2005},
  publisher={Sage Publications}
}

@article{kim2024mdagents,
  title={MDAgents: An Adaptive Collaboration of LLMs for Medical Decision-Making},
  author={Kim, Yubin and Park, Chanwoo and Jeong, Hyewon and Chan, Yik Siu and Xu, Xuhai and McDuff, Daniel and Lee, Hyeonhoon and Ghassemi, Marzyeh and Breazeal, Cynthia and Park, Hae Won},
  journal={arXiv preprint arXiv:2404.15155},
  year={2024},
  note={Accepted at NeurIPS 2024}
}

@article{chen2025multiagent,
  title={Multi-Agent Collaboration Mechanisms: A Survey of LLMs},
  author={Chen, Yuxuan and Wang, Lei and Zhang, Hao},
  journal={arXiv preprint arXiv:2501.06322},
  year={2025}
}

@article{zhang2024kg4diagnosis,
  title={KG4Diagnosis: A Hierarchical Multi-Agent LLM Framework with Knowledge Graph Enhancement for Medical Diagnosis},
  author={Zhang, Wei and Liu, Ming and Chen, Yue},
  journal={arXiv preprint arXiv:2412.16833},
  year={2024}
}

@article{wang2024medaide,
  title={MedAide: Towards an Omni Medical Aide via Specialized LLM-based Multi-Agent Collaboration},
  author={Wang, Zheng and Li, Jian and Zhou, Qing},
  journal={arXiv preprint arXiv:2410.12532},
  year={2024}
}

@article{anonymous2025medsentry,
  title={MedSentry: Understanding and Mitigating Safety Risks in Medical LLM Multi-Agent Systems},
  author={Anonymous},
  journal={arXiv preprint},
  year={2025}
}

@article{chen2023adaptive,
  title={Adaptive Multi-Agent Deep Reinforcement Learning for Timely Healthcare Interventions},
  author={Chen, Xiaoli and Kumar, Rajesh and Patel, Neha},
  journal={IEEE Transactions on Biomedical Engineering},
  volume={70},
  number={9},
  pages={2445--2456},
  year={2023}
}

@article{verhage2022police,
  title={Police Dyads Within an Operational Simulation: an Empirical Test of the Research Propositions Made in the "Big Five" Teamwork Approach},
  author={Verhage, Antoinette and Herrington, Velvet and Koedijk, Rob},
  journal={Criminal Justice Policy Review},
  volume={33},
  number={8},
  pages={892--919},
  year={2022}
}

@article{hassan2025awareness,
  title={From awareness to action: investigating the impact of big-five teamwork model awareness on rationing of nursing care and patient-centered care},
  author={Hassan, Sahar A. and El-Sayed, Wafaa M. and Ahmed, Fatma Z.},
  journal={BMC Nursing},
  volume={24},
  number={1},
  pages={1--15},
  year={2025}
}

@inproceedings{stone1997distributed,
  title={Multiagent systems: A survey from a machine learning perspective},
  author={Stone, Peter and Veloso, Manuela},
  booktitle={Autonomous Robots},
  volume={8},
  number={3},
  pages={345--383},
  year={2000}
}

@article{smith1980contract,
  title={The contract net protocol: High-level communication and control in a distributed problem solver},
  author={Smith, Reid G.},
  journal={IEEE Transactions on Computers},
  volume={29},
  number={12},
  pages={1104--1113},
  year={1980}
}

@article{sunehag2018value,
  title={Value-decomposition networks for cooperative multi-agent learning based on team reward},
  author={Sunehag, Peter and Lever, Guy and Gruslys, Audrunas and Czarnecki, Wojciech Marian and Zambaldi, Vinicius and Jaderberg, Max and Lanctot, Marc and Sonnerat, Nicolas and Leibo, Joel Z and Tuyls, Karl and others},
  journal={Proceedings of the 17th International Conference on Autonomous Agents and MultiAgent Systems},
  pages={2085--2087},
  year={2018}
}

@article{rashid2018qmix,
  title={QMIX: Monotonic value function factorisation for deep multi-agent reinforcement learning},
  author={Rashid, Tabish and Samvelyan, Mikayel and Schroeder, Christian and Farquhar, Gregory and Foerster, Jakob and Whiteson, Shimon},
  journal={International Conference on Machine Learning},
  pages={4295--4304},
  year={2018}
}

@article{foerster2018counterfactual,
  title={Counterfactual multi-agent policy gradients},
  author={Foerster, Jakob and Farquhar, Gregory and Afouras, Triantafyllos and Nardelli, Nantas and Whiteson, Shimon},
  journal={Proceedings of the AAAI Conference on Artificial Intelligence},
  volume={32},
  number={1},
  year={2018}
}


@article{marks2001temporally,
  title={A Temporally Based Framework and Taxonomy of Team Processes},
  author={Marks, Michelle A. and Mathieu, John E. and Zaccaro, Stephen J.},
  journal={Academy of Management Review},
  volume={26},
  number={3},
  pages={356--376},
  year={2001}
}

@incollection{baker2006teamstepps,
  title={TeamSTEPPS™: Team Strategies and Tools to Enhance Performance and Patient Safety},
  author={King, H. B. and Battles, J. and Baker, D. P. and others},
  booktitle={Advances in Patient Safety: New Directions and Alternative Approaches (Vol. 3: Performance and Tools)},
  editor={Henriksen, K. and Battles, J. B. and Keyes, M. A. and others},
  publisher={Agency for Healthcare Research and Quality (US)},
  address={Rockville, MD},
  year={2008},
  month={Aug},
  url={https://www.ncbi.nlm.nih.gov/books/NBK43686/}
}
